<record><leader>00000cas a2200000 a 4500</leader><controlfield tag="001">36221945</controlfield><controlfield tag="008">970117d196319uumiuwr n       0    0eng c</controlfield><datafield ind1=" " ind2=" " tag="010"><subfield code="a">sn 97063028 </subfield></datafield><datafield ind1=" " ind2=" " tag="040"><subfield code="a">MHN</subfield><subfield code="b">eng</subfield><subfield code="c">MHN</subfield><subfield code="d">OCL</subfield><subfield code="d">OCLCQ</subfield><subfield code="d">OCLCF</subfield><subfield code="d">OCLCO</subfield></datafield><datafield ind1="1" ind2=" " tag="029"><subfield code="a">AU@</subfield><subfield code="b">000013023819</subfield></datafield><datafield ind1=" " ind2=" " tag="042"><subfield code="a">pcc</subfield></datafield><datafield ind1=" " ind2=" " tag="043"><subfield code="a">n-us-mi</subfield></datafield><datafield ind1="0" ind2="4" tag="245"><subfield code="a">The Ogemaw County herald and the Rose City news.</subfield></datafield><datafield ind1="1" ind2="3" tag="246"><subfield code="a">Ogemaw County herald</subfield></datafield><datafield ind1=" " ind2=" " tag="260"><subfield code="a">West Branch, Ogemaw County, Mich. :</subfield><subfield code="b">Robert S. Marshall</subfield></datafield><datafield ind1=" " ind2=" " tag="300"><subfield code="a">v.</subfield></datafield><datafield ind1=" " ind2=" " tag="310"><subfield code="a">Weekly</subfield></datafield><datafield ind1="0" ind2=" " tag="362"><subfield code="a">84th yr., no. 17 (Apr. 25, 1963)-</subfield></datafield><datafield ind1=" " ind2=" " tag="580"><subfield code="a">Formed by the union of: Ogemaw County herald, and: Rose City news.</subfield></datafield><datafield ind1=" " ind2="0" tag="651"><subfield code="a">Rose City (Mich.)</subfield><subfield code="v">Newspapers.</subfield></datafield><datafield ind1=" " ind2="0" tag="651"><subfield code="a">West Branch (Mich.)</subfield><subfield code="v">Newspapers.</subfield></datafield><datafield ind1=" " ind2="0" tag="651"><subfield code="a">Ogemaw County (Mich.)</subfield><subfield code="v">Newspapers.</subfield></datafield><datafield ind1=" " ind2="7" tag="655"><subfield code="a">Newspapers.</subfield><subfield code="2">fast</subfield><subfield code="0">(OCoLC)fst01423814</subfield></datafield><datafield ind1=" " ind2="7" tag="651"><subfield code="a">Michigan</subfield><subfield code="z">Ogemaw County.</subfield><subfield code="2">fast</subfield><subfield code="0">(OCoLC)fst01214138</subfield></datafield><datafield ind1=" " ind2="7" tag="651"><subfield code="a">Michigan</subfield><subfield code="z">Rose City.</subfield><subfield code="2">fast</subfield><subfield code="0">(OCoLC)fst01281926</subfield></datafield><datafield ind1=" " ind2="7" tag="651"><subfield code="a">Michigan</subfield><subfield code="z">West Branch.</subfield><subfield code="2">fast</subfield><subfield code="0">(OCoLC)fst01231611</subfield></datafield><datafield ind1=" " ind2=" " tag="752"><subfield code="a">United States</subfield><subfield code="b">Michigan</subfield><subfield code="c">Ogemaw</subfield><subfield code="d">West Branch.</subfield></datafield><datafield ind1="1" ind2="4" tag="780"><subfield code="t">Ogemaw County herald</subfield><subfield code="w">(DLC)sn 97063026</subfield><subfield code="w">(OCoLC)36223001</subfield></datafield><datafield ind1="1" ind2="4" tag="780"><subfield code="t">Rose City news</subfield><subfield code="w">(DLC)sn 97063027</subfield><subfield code="w">(OCoLC)36222927</subfield></datafield></record>